
@article{peyre2019computational,
	title={Computational optimal transport: With applications to data science},
	author={Peyr{\'e}, Gabriel and Cuturi, Marco and others},
	journal={Foundations and Trends{\textregistered} in Machine Learning},
	volume={11},
	number={5-6},
	pages={355--607},
	year={2019},
	publisher={Now Publishers, Inc.}
}

@article{santambrogio2015optimal,
	title={Optimal transport for applied mathematicians},
	author={Santambrogio, Filippo},
	journal={Birk{\"a}user, NY},
	volume={55},
	number={58-63},
	pages={94},
	year={2015},
	publisher={Springer}
}

@Manual{transport,
	title = {{transport}: Computation of Optimal Transport Plans and Wasserstein Distances},
	author = {Dominic Schuhmacher and Björn Bähre and Nicolas Bonneel and Carsten Gottschlich and Valentin Hartmann and Florian Heinemann and Bernhard Schmitzer and Jörn Schrieber},
	year = {2024},
	note = {R package version 0.15-4},
	url = {https://cran.r-project.org/package=transport},
}

@article{flamary2021pot,
	author  = {R{\'e}mi Flamary and Nicolas Courty and Alexandre Gramfort and Mokhtar Z. Alaya and Aur{\'e}lie Boisbunon and Stanislas Chambon and Laetitia Chapel and Adrien Corenflos and Kilian Fatras and Nemo Fournier and L{\'e}o Gautheron and Nathalie T.H. Gayraud and Hicham Janati and Alain Rakotomamonjy and Ievgen Redko and Antoine Rolet and Antony Schutz and Vivien Seguy and Danica J. Sutherland and Romain Tavenard and Alexander Tong and Titouan Vayer},
	title   = {POT: Python Optimal Transport},
	journal = {Journal of Machine Learning Research},
	year    = {2021},
	volume  = {22},
	number  = {78},
	pages   = {1-8},
	url     = {http://jmlr.org/papers/v22/20-451.html}
}

@article{bunne2024optimal,
	title={Optimal transport for single-cell and spatial omics},
	author={Bunne, Charlotte and Schiebinger, Geoffrey and Krause, Andreas and Regev, Aviv and Cuturi, Marco},
	journal={Nature Reviews Methods Primers},
	volume={4},
	number={1},
	pages={58},
	year={2024},
	publisher={Nature Publishing Group UK London}
}

@article{gaskin2024modelling,
	title={Modelling Global Trade with Optimal Transport},
	author={Gaskin, Thomas and Wolfram, Marie-Therese and Duncan, Andrew and Demirel, Guven},
	journal={arXiv preprint arXiv:2409.06554},
	year={2024}
}

 @Manual{scDiagnostics,
	title = {scDiagnostics: Cell type annotation diagnostics},
	author = {Anthony Christidis and Andrew Ghazi and Smriti Chawla and Ludwig Geistlinger and Robert Gentleman},
	year = {2025},
	note = {R package version 1.1.0},
	url = {https://github.com/ccb-hms/scDiagnostics},